@ARTICLE{fs:fast.simulation,
   AUTHOR  = {{CMS Collaboration}},
   TITLE   = {Fast Simulation of the {CMS} detector},  
   YEAR    = {2010},
   JOURNAL = {Journal of Physics, Conference Series},
   NUMBER  = {219},
}
@ARTICLE{fs:grindhammer,
   AUTHOR  = {M. Rudowicz and S. Peters},
   TITLE   = {Grindhammer {G}},  
   YEAR    = {1990},
   JOURNAL = {Nucl. Instrum. Meth. A},
   NUMBER  = {290},
   PAGES  = {469},
}
@ARTICLE{fs:pythia,
   AUTHOR  = {T. Sjostrand and S.Mrenna and P.Z.Skands},
   TITLE   = {{PYTHIA 6.4} Physics and Manual},  
   YEAR    = {2006},
   JOURNAL = {JHEP},
   NUMBER  = {05-026},
}
@ARTICLE{fs:geant,
   AUTHOR  = {{GEANT4 Collaboration}},
   TITLE   = {{GEANT 4} {---} A simulation toolkit},  
   YEAR    = {2003},
   JOURNAL = {Nucl. Intrum. Meth.},
   NUMBER  = {056},
}
