@ARTICLE{intro:cms,
   AUTHOR  = {{CMS Collaboration}},
   TITLE   = {The {CMS} experiment at the {CERN LHC}},  
   YEAR    = {2008},
   JOURNAL = {JINST},
   NUMBER  = {0803},
}
@ARTICLE{intro:pdg,
    AUTHOR  = {K. Nakamura and {Particle Data Group} and others},
   TITLE   = {The Review of Particle Physics},  
   YEAR    = {2010},
   JOURNAL = {J. Phys. G},
   NUMBER  = {37},
}
